<record><leader>00000cas a22000007a 4500</leader><controlfield tag="001">13996911</controlfield><controlfield tag="008">860801c19uu9999txuwn ne      0   a0eng d</controlfield><datafield ind1=" " ind2=" " tag="010"><subfield code="a">sn 86088347 </subfield></datafield><datafield ind1=" " ind2=" " tag="040"><subfield code="a">PPM</subfield><subfield code="b">eng</subfield><subfield code="c">PPM</subfield><subfield code="d">NSD</subfield><subfield code="d">PPM</subfield><subfield code="d">OCLCQ</subfield></datafield><datafield ind1=" " ind2=" " tag="012"><subfield code="m">1</subfield></datafield><datafield ind1="0" ind2=" " tag="022"><subfield code="a">1049-2216</subfield><subfield code="l">1049-2216</subfield><subfield code="2">1</subfield></datafield><datafield ind1=" " ind2=" " tag="032"><subfield code="a">057960</subfield><subfield code="b">USPS</subfield></datafield><datafield ind1=" " ind2=" " tag="037"><subfield code="b">Blanco County News, PO Box 429, Blanco, TX 78606</subfield></datafield><datafield ind1=" " ind2=" " tag="042"><subfield code="a">msc</subfield><subfield code="a">nsdp</subfield></datafield><datafield ind1="1" ind2="0" tag="082"><subfield code="a">071</subfield><subfield code="2">11</subfield></datafield><datafield ind1="0" ind2=" " tag="210"><subfield code="a">Blanco Cty. news</subfield></datafield><datafield ind1=" " ind2="0" tag="222"><subfield code="a">Blanco County news</subfield></datafield><datafield ind1="0" ind2="0" tag="245"><subfield code="a">Blanco County news.</subfield></datafield><datafield ind1=" " ind2=" " tag="260"><subfield code="a">Blanco, Tex. :</subfield><subfield code="b">Elmer Dale</subfield></datafield><datafield ind1=" " ind2=" " tag="300"><subfield code="a">v. :</subfield><subfield code="b">ill.</subfield></datafield><datafield ind1=" " ind2=" " tag="310"><subfield code="a">Weekly (except last week in Dec.),</subfield><subfield code="b">&lt;Jan. 31, 1990-&gt;</subfield></datafield><datafield ind1=" " ind2=" " tag="321"><subfield code="a">Weekly,</subfield><subfield code="b">Jan. 1, 1931-</subfield></datafield><datafield ind1=" " ind2=" " tag="500"><subfield code="a">Publisher: McNett Inc., &lt;1990-&gt;</subfield></datafield><datafield ind1=" " ind2=" " tag="588"><subfield code="a">Description based on: Vol. 4, no. 31 (Jan. 1, 1931).</subfield></datafield><datafield ind1=" " ind2=" " tag="588"><subfield code="a">Latest issue consulted: Vol. 107, no. 5 (Jan. 31, 1990).</subfield></datafield><datafield ind1=" " ind2=" " tag="752"><subfield code="a">United States</subfield><subfield code="b">Texas</subfield><subfield code="c">Blanco</subfield><subfield code="d">Blanco.</subfield></datafield><datafield ind1="0" ind2="0" tag="780"><subfield code="t">Blanco news</subfield><subfield code="w">(DLC)sn 86088349</subfield></datafield><datafield ind1="1" ind2=" " tag="029"><subfield code="a">AU@</subfield><subfield code="b">000025834389</subfield></datafield></record>